@Manual{player-stage,
title = {How to Use Player/Stage},
author = {Jennifer Owen},
edition = {2nd},
month = {April},
year = {2010},
}



