@manual{player-stage,
title = {How to Use Player/Stage},
author = {Jennifer Owen},
edition = {2nd},
month = {April},
year = {2010},
}
@book{Russell:2003:AIM:773294,
 author = {Russell, Stuart J. and Norvig, Peter},
 title = {Artificial Intelligence: A Modern Approach},
 year = {2003},
 isbn = {0137903952},
 edition = {2},
 publisher = {Pearson Education}
}
